<mx:record xmlns="http://www.w3.org/TR/xhtml1/strict" xmlns:mx="http://www.loc.gov/MARC21/slim" xmlns:xsi="http://www.w3.org/2001/XMLSchema-instance"><mx:leader>00000nz   2200000n  4500</mx:leader><mx:controlfield tag="001">oca04438551 </mx:controlfield><mx:controlfield tag="005">19970919052614.2</mx:controlfield><mx:controlfield tag="008">970917n| acannaab|          |a ana     c</mx:controlfield><mx:datafield ind1=" " ind2=" " tag="010"><mx:subfield code="a">nr 97033040 </mx:subfield></mx:datafield><mx:datafield ind1=" " ind2=" " tag="040"><mx:subfield code="a">UPB</mx:subfield><mx:subfield code="c">UPB</mx:subfield></mx:datafield><mx:datafield ind1=" " ind2="0" tag="130"><mx:subfield code="a">Epistulae ad Caesarem</mx:subfield></mx:datafield><mx:datafield ind1=" " ind2="0" tag="430"><mx:subfield code="a">Incerti auctoris Epistulae duae ad C. Caesarem de republica ordinanda</mx:subfield></mx:datafield><mx:datafield ind1=" " ind2="0" tag="430"><mx:subfield code="a">Epistulae duae ad C. Caesarem de republica ordinanda</mx:subfield></mx:datafield><mx:datafield ind1=" " ind2="0" tag="430"><mx:subfield code="a">Sallustii Epistulae ad Caesarem</mx:subfield></mx:datafield><mx:datafield ind1=" " ind2="0" tag="430"><mx:subfield code="a">Letters to the elderly Caesar</mx:subfield></mx:datafield><mx:datafield ind1="0" ind2=" " tag="400"><mx:subfield code="a">Sallust,</mx:subfield><mx:subfield code="d">86-34 B.C.</mx:subfield><mx:subfield code="t">Epistulae ad Caesarem</mx:subfield></mx:datafield><mx:datafield ind1=" " ind2="0" tag="430"><mx:subfield code="a">Appendix Sallustiana.</mx:subfield><mx:subfield code="p">Epistulae ad Caesarem senem de re publica</mx:subfield></mx:datafield><mx:datafield ind1=" " ind2="0" tag="430"><mx:subfield code="a">Epistulae ad Caesarem senem de re publica</mx:subfield></mx:datafield><mx:datafield ind1="0" ind2=" " tag="400"><mx:subfield code="a">Sallust,</mx:subfield><mx:subfield code="d">86-34 B.C.</mx:subfield><mx:subfield code="t">Suasoriae</mx:subfield></mx:datafield><mx:datafield ind1=" " ind2=" " tag="670"><mx:subfield code="a">Index verborum quae exhibent Sallustii Epistulae ad Caesarem, 1968</mx:subfield></mx:datafield><mx:datafield ind1=" " ind2=" " tag="670"><mx:subfield code="a">LC PA schedule, 1968:</mx:subfield><mx:subfield code="b">p. 377 (Doubtful works: Suasoriae: Incerti auctoris Epistulae ad C. Caesarem de republica ordinanda)</mx:subfield></mx:datafield><mx:datafield ind1=" " ind2=" " tag="670"><mx:subfield code="a">Oxford classical dict., 1996:</mx:subfield><mx:subfield code="b">p. 1349 (attributed Sallustian authorship doubtful; most likely later works, probably suasoriae of the early empire)</mx:subfield></mx:datafield><mx:datafield ind1=" " ind2=" " tag="670"><mx:subfield code="a">Appendix Sallustiana, 1970</mx:subfield><mx:subfield code="b">(included in the Appendix Sallustiana under title: Epistulae ad Caesarem senem de re publica)</mx:subfield></mx:datafield></mx:record>